<record xmlns="http://www.loc.gov/MARC21/slim" xmlns:xsi="http://www.w3.org/2001/XMLSchema-instance" xsi:schemaLocation="http://www.loc.gov/MARC21/slim http://www.loc.gov/standards/marcxml/schema/MARC21slim.xsd"><leader>02061nam a2200325   4500</leader><controlfield tag="001">3076395</controlfield><controlfield tag="003">NNC</controlfield><controlfield tag="006">m        d        </controlfield><controlfield tag="007">cr cn |||m|||a</controlfield><controlfield tag="008">150110s1884    ua      o     000 0 ara d</controlfield><datafield ind1=" " ind2=" " tag="040"><subfield code="a">NNU</subfield><subfield code="b">eng</subfield><subfield code="e">rda</subfield><subfield code="c">NNU</subfield></datafield><datafield ind1="1" ind2=" " tag="100"><subfield code="6">880-01</subfield><subfield code="a">Shirwa&#772;ni&#772;, Ah&#803;mad ibn Muh&#803;ammad,</subfield><subfield code="d">-1837 or 1838.</subfield></datafield><datafield ind1="1" ind2="0" tag="245"><subfield code="6">880-02</subfield><subfield code="a">H&#803;adi&#772;qat al-afra&#772;h&#803; li-iza&#772;h&#803;at al-atra&#772;h&#803;</subfield><subfield code="c">[ta&#700;li&#772;f Ah&#803;mad ibn Muh&#803;ammad ibn &#699;Ali&#772; ibn Ibra&#772;hi&#772;m al-Ans&#803;a&#772;ri&#772; al-Yamani&#772; al-Shirwa&#772;ni&#772;.</subfield></datafield><datafield ind1=" " ind2=" " tag="260"><subfield code="6">880-03</subfield><subfield code="a">al-Qa&#772;hirah,</subfield><subfield code="b">al-Mat&#803;ba&#699;ah al-&#699;A&#772;mirah li-ma&#772;likiha&#772; &#699;Uthma&#772;n &#699;Abd-al-Ra&#772;ziq,</subfield><subfield code="c">1302 h., 1884]</subfield></datafield><datafield ind1=" " ind2=" " tag="300"><subfield code="a">online resource (7, 190 pages)</subfield></datafield><datafield ind1=" " ind2=" " tag="336"><subfield code="a">text</subfield><subfield code="2">rdacontent</subfield></datafield><datafield ind1=" " ind2=" " tag="337"><subfield code="a">computer</subfield><subfield code="2">rdamedia</subfield></datafield><datafield ind1=" " ind2=" " tag="338"><subfield code="a">online resource</subfield><subfield code="2">rdacarrier</subfield></datafield><datafield ind1=" " ind2=" " tag="500"><subfield code="a">Part of the Arabic Collections Online (ACO) project, contributed by Columbia University Libraries.</subfield></datafield><datafield ind1=" " ind2=" " tag="533"><subfield code="a">Electronic reproduction.</subfield><subfield code="b">New York, N.Y. :</subfield><subfield code="c">New York University,</subfield><subfield code="d">2015.</subfield><subfield code="5">NNU</subfield></datafield><datafield ind1="2" ind2=" " tag="710"><subfield code="a">Columbia University.</subfield><subfield code="b">Libraries.</subfield></datafield><datafield ind1="0" ind2=" " tag="730"><subfield code="a">Arabic Collections Online.</subfield></datafield><datafield ind1="0" ind2="8" tag="776"><subfield code="i">Online version:</subfield><subfield code="a">Shirwa&#772;ni&#772;, Ah&#803;mad ibn Muh&#803;ammad, -1837 or 8.</subfield><subfield code="t">H&#803;adi&#772;qat al-afra&#772;h&#803; li-iza&#772;h&#803;at al-atra&#772;h&#803;.</subfield><subfield code="d">al-Qa&#772;hirah, al-Mat&#803;ba&#699;ah al-&#699;A&#772;mirah li-ma&#772;likiha&#772; &#699;Uthma&#772;n &#699;Abd-al-Ra&#772;ziq, 1302 h., 1884]</subfield><subfield code="w">(OCoLC)654677964</subfield></datafield><datafield ind1="0" ind2="8" tag="776"><subfield code="i">Print version:</subfield><subfield code="a">Shirwa&#772;ni&#772;, Ah&#803;mad ibn Muh&#803;ammad, -1837 or 1838.</subfield><subfield code="t">H&#803;adi&#772;qat al-afra&#772;h&#803; li-iza&#772;h&#803;at al-atra&#772;h&#803;</subfield><subfield code="w">(NNC)3076395</subfield><subfield code="w">(OCoLC)47858327</subfield></datafield><datafield ind1="4" ind2="0" tag="856"><subfield code="u">http://hdl.handle.net/2333.1/fxpnvzv4</subfield></datafield><datafield ind1="1" ind2=" " tag="880"><subfield code="6">100-01/r</subfield><subfield code="a">&#1588;&#1585;&#1608;&#1575;&#1606;&#1610;&#1548; &#1575;&#1581;&#1605;&#1583; &#1576;&#1606; &#1605;&#1581;&#1605;&#1583;&#1548;</subfield><subfield code="d"> -1837 or 1838.</subfield></datafield><datafield ind1="1" ind2="0" tag="880"><subfield code="6">245-02/r</subfield><subfield code="a">&#1581;&#1583;&#1610;&#1602;&#1577; &#1575;&#1604;&#1575;&#1601;&#1585;&#1575;&#1581; &#1604;&#1575;&#1586;&#1575;&#1581;&#1577; &#1575;&#1604;&#1571;&#1578;&#1585;&#1575;&#1581;</subfield><subfield code="c">[&#1578;&#1571;&#1604;&#1610;&#1601; &#1575;&#1581;&#1605;&#1583; &#1576;&#1606; &#1605;&#1581;&#1605;&#1583; &#1576;&#1606; &#1593;&#1604;&#1610; &#1576;&#1606; &#1575;&#1576;&#1585;&#1575;&#1607;&#1610;&#1605; &#1575;&#1604;&#1575;&#1606;&#1589;&#1575;&#1585;&#1610; &#1575;&#1604;&#1610;&#1605;&#1606;&#1610; &#1575;&#1604;&#1588;&#1585;&#1608;&#1575;&#1606;&#1610;.</subfield></datafield><datafield ind1=" " ind2=" " tag="880"><subfield code="6">260-03/r</subfield><subfield code="a">&#1575;&#1604;&#1602;&#1575;&#1607;&#1585;&#1577;&#1548;</subfield><subfield code="b">&#1575;&#1604;&#1605;&#1591;&#1576;&#1593;&#1577; &#1575;&#1604;&#1593;&#1575;&#1605;&#1585;&#1577; &#1604;&#1605;&#1575;&#1604;&#1603;&#1607;&#1575; &#1593;&#1579;&#1605;&#1575;&#1606; &#1593;&#1576;&#1583;&#1575;&#1604;&#1585;&#1575;&#1586;&#1602;&#1548;</subfield><subfield code="c">1302 &#1607;.&#1548; 1884]</subfield></datafield><datafield ind1=" " ind2=" " tag="959"><subfield code="a">NNU</subfield><subfield code="b">WEB</subfield><subfield code="c">GENI</subfield><subfield code="t">0</subfield><subfield code="m">Electronic access</subfield><subfield code="s">01</subfield></datafield><datafield ind1=" " ind2=" " tag="999"><subfield code="i">NNC_3076395</subfield><subfield code="o">(OCoLC)47858327</subfield></datafield></record>